@InProceedings{ragkh17,
  author    = {Chaiyong Ragkhitwetsagul and Jens Krinke and David Clark},
  title     = {A Comparison of Code Similarity Analysers},
  booktitle = {UCL Research Note RN/17/04},
  year      = {2017},
  month     = {Februrary},
}

%%

@Article{reibel19,
  author    = {Pierre Reibel and Haaroon Yousaf and Sarah Meiklejohn},
  title     = {Short Paper: An Exploration of Code Diversity in the Cryptocurrency Landscape},
  journal   = {Financial Cryptography and Data Security},
  year      = {2019},
  month     = {September},
}

%%

@InProceedings{baxter98,
  author    = {Ira D. Baxter and Andrew Yahin and Leonardo Moura and Marcelo Santâ€™Anna and Lorraine Bier},
  title     = {Clone Detection Using Abstract Syntax Trees},
  booktitle = {ICSM'98},
  year      = {1998},
  month     = {November},
}

%%

@InProceedings{koschke06,
  author    = {Rainer Koschke and Raimar Falke and Pierre Frenzel},
  title     = {Clone Detection Using Abstract Syntax Suffix Trees},
  booktitle = {13th Working Conference on Reverse Engineering (WCRE'06)},
  year      = {2006},
  month     = {October},
}

%%

@InProceedings{mockus07,
  author    = {Audris Mockus},
  title     = {Large-scale code reuse in open source software},
  booktitle = {First International Workshop on Emerging Trends in FLOSS Research and Development},
  year      = {2007},
  month     = {June},
}

%%